@article{McGuire2013Transparency,
    author  = {Morgan McGuire and Louis Bavoil},
    title   = {Weighted Blended Order-Independent Transparency},
    year    = {2013},
    month   = {December},
    day     = {18},
    journal = {Journal of Computer Graphics Techniques (JCGT)},
    volume  = {2},
    number  = {2},
    pages   = {122--141},
    url     = {http://jcgt.org/published/0002/02/09/},
    issn    = {2331-7418}
}
@inproceedings{Lengyel:2001:RFO,
    author = "Jerome E. Lengyel and Emil Praun and Adam Finkelstein and Hugues Hoppe",
    title = "Real-Time Fur over Arbitrary Surfaces",
    booktitle = "2001 ACM Symposium on Interactive 3D Graphics",
    year = "2001",
    month = mar,
    pages = "227--232"
}

@misc{nvidiafur,
    title={White Paper - Fur (using Shells and Fins) },
    url={https://developer.download.nvidia.com/SDK/10.5/direct3d/Source/Fur/doc/FurShellsAndFins.pdf},
    journal={NVIDIA Direct3D SDK 10 Code Samples}, publisher={NVIDIA},
    year={2007}, month={Feb}
}
@misc{nvidiasamples,
    title={NVIDIA Direct3D SDK 10 Code Samples},
    url={https://developer.download.nvidia.com/SDK/10/direct3d/samples.html#Fur},
    journal={NVIDIA Direct3D SDK 10 Code Samples}, publisher={NVIDIA},
    year={2008}, month={Jan}
}